@inproceedings{sun2015learning,
  title={Learning a convolutional neural network for non-uniform motion blur removal},
  author={Sun, Jian and Cao, Wenfei and Xu, Zongben and Ponce, Jean},
  booktitle={Computer Vision and Pattern Recognition (CVPR), 2015 IEEE Conference on},
  pages={769--777},
  year={2015},
  organization={IEEE}
}

@article{whyte2012non,
  title={Non-uniform deblurring for shaken images},
  author={Whyte, Oliver and Sivic, Josef and Zisserman, Andrew and Ponce, Jean},
  journal={International journal of computer vision},
  volume={98},
  number={2},
  pages={168--186},
  year={2012},
  publisher={Springer}
}

@article{liu2013no,
  title={A no-reference metric for evaluating the quality of motion deblurring.},
  author={Liu, Yiming and Wang, Jue and Cho, Sunghyun and Finkelstein, Adam and Rusinkiewicz, Szymon},
  journal={ACM Trans. Graph.},
  volume={32},
  number={6},
  pages={175--1},
  year={2013},
  publisher={Citeseer}
}


@misc{Authors14,
 author = {Authors},
 title = {The frobnicatable foo filter},
 note = {Face and Gesture  submission ID 324. Supplied as additional material {\tt fg324.pdf}},
 year = 2014
}

@misc{Authors14b,
 author = {Authors},
 title = {Frobnication tutorial},
 note = {Supplied as additional material {\tt tr.pdf}},
 year = 2014
}

@article{Alpher02,
author = {A. Alpher},
title = {Frobnication},
journal = {Journal of Foo},
volume = 12,
number = 1,
pages = {234--778},
year = 2002
}

@article{Alpher03,
author = {A. Alpher and  J.~P.~N. Fotheringham-Smythe},
title = {Frobnication revisited},
journal = {Journal of Foo},
volume = 13,
number = 1,
pages = {234--778},
year = 2003
}

@article{Alpher04,
author = {A. Alpher and J.~P.~N. Fotheringham-Smythe and G. Gamow},
title = {Can a machine frobnicate?},
journal = {Journal of Foo},
volume = 14,
number = 1,
pages = {234--778},
year = 2004
}
